@article{nakamoto2008bitcoin,
  author  = {Satoshi Nakamoto},
  title   = {Bitcoin: A Peer-to-Peer Electronic Cash System},
  year    = {2008},
  journal = {Bitcoin.org},
  url     = {https://bitcoin.org/bitcoin.pdf},
  note    = {Accessed: 2025-02-02}
}

@article{king2012ppcoin,
  author  = {Sunny King and Scott Nadal},
  title   = {PPCoin: Peer-to-Peer Crypto-Currency with Proof-of-Stake},
  year    = {2012},
  journal = {Self-published},
  url     = {https://decred.org/research/king2012.pdf},
  note    = {Accessed: 2025-05-12}
}

@book{stanley2015greatness,
  author    = {Stanley, M. and Lehman, J.},
  title     = {Why Greatness Cannot Be Planned: The Myth of the Objective},
  publisher = {Springer},
  year      = {2015},
  isbn      = {978-3319155234}
}

@book{thiel2014zero,
  author    = {Thiel, P. and Masters, B.},
  title     = {Zero to One: Notes on Startups, or How to Build the Future},
  publisher = {Crown Business},
  year      = {2014},
  isbn      = {978-0804139298}
}

@online{dixon2018crypto,
  author = {Dixon, C.},
  title  = {Crypto Tokens: A Breakthrough in Open Network Design},
  year   = {2018},
  url    = {https://medium.com/@cdixon/crypto-tokens-a-breakthrough-in-open-network-design-e600975be2ef},
  note   = {Accessed: 2025-03-01}
}

@article{zetzsche2018ico,
  author  = {Zetzsche, D. A. and Buckley, R. P. and Arner, D. W. and Föhr, L.},
  title   = {The ICO Gold Rush: It's a scam, it's a bubble, it's a super challenge for regulators},
  journal = {University of Luxembourg Law Working Paper},
  number  = {11/2017},
  year    = {2018}
}

@article{goldstein2019fintech,
  author  = {Goldstein, I. and Jiang, W. and Karolyi, G. A.},
  title   = {To FinTech and Beyond},
  journal = {The Review of Financial Studies},
  volume  = {32},
  number  = {5},
  pages   = {1647-1661},
  year    = {2019}
}

@book{antonopoulos2017bitcoin,
  author    = {Antonopoulos, A. M.},
  title     = {Mastering Bitcoin: Programming the Open Blockchain},
  publisher = {O'Reilly Media},
  year      = {2017},
  isbn      = {978-1491954386}
}

@book{antonopoulos2018ethereum,
  author    = {Antonopoulos, A. M. and Wood, G.},
  title     = {Mastering Ethereum: Building Smart Contracts and DApps},
  publisher = {O'Reilly Media},
  year      = {2018},
  isbn      = {978-1491971949}
}

@article{benet2014ipfs,
  author  = {Benet, J.},
  title   = {IPFS - Content Addressed, Versioned, P2P File System},
  journal = {arXiv preprint arXiv:1407.3561},
  year    = {2014}
}

@inproceedings{ben2014succinct,
  author    = {Ben-Sasson, E. and Chiesa, A. and Tromer, E. and Virza, M.},
  title     = {Succinct Non-Interactive Zero Knowledge for a von Neumann Architecture},
  booktitle = {USENIX Security Symposium},
  year      = {2014}
}

@article{bernstein2017attracting,
  author  = {Bernstein, S. and Korteweg, A. and Laws, K.},
  title   = {Attracting Early-Stage Investors: Evidence from a Randomized Field Experiment},
  journal = {The Journal of Finance},
  volume  = {72},
  number  = {2},
  pages   = {509-538},
  year    = {2017}
}

@article{bohme2015bitcoin,
  author  = {Böhme, R. and Christin, N. and Edelman, B. and Moore, T.},
  title   = {Bitcoin: Economics, Technology, and Governance},
  journal = {Journal of Economic Perspectives},
  volume  = {29},
  number  = {2},
  pages   = {213-38},
  year    = {2015}
}

@techreport{catalini2018initial,
  author      = {Catalini, C. and Gans, J. S.},
  title       = {Initial Coin Offerings and the Value of Crypto Tokens},
  institution = {National Bureau of Economic Research},
  year        = {2018},
  number      = {24418},
  type        = {Working Paper}
}

@article{cong2020tokenomics,
  author  = {Cong, L. W. and Li, Y. and Wang, N.},
  title   = {Tokenomics: Dynamic Adoption and Valuation},
  journal = {The Review of Financial Studies},
  volume  = {33},
  number  = {3},
  pages   = {1105-1155},
  year    = {2020}
}

@article{imbierowicz2024peer,
  author  = {Imbierowicz, Björn and Rauch, Christian},
  title   = {Peer Valuations and Overpricing in Venture Markets},
  journal = {Journal of Corporate Finance},
  volume  = {84},
  pages   = {102204},
  year    = {2024}
}

@article{zatrochova2024angels,
  author  = {Zatrochová, Sylvia},
  title   = {The Role of Business Angels in Supporting Innovation: Evidence from Start-Up Ecosystems},
  journal = {Venture Capital},
  volume  = {26},
  number  = {1},
  pages   = {19--39},
  year    = {2024}
}

@misc{yc_acceptance_rate,
  author       = {{Y Combinator}},
  title        = {Resources for Investors},
  howpublished = {\url{https://www.ycombinator.com/investors}},
  note         = {Accessed: 2025-05-12},
  year         = {2025}
}

@article{condorcet1785essay,
  author = {Condorcet, Marquis de},
  title  = {Essay on the Application of Analysis to the Probability of Majority Decisions},
  year   = {1785},
  note   = {Reprinted in 1994 by Imprimerie Nationale, Paris}
}

@article{hayek1945use,
  author  = {Hayek, Friedrich A.},
  title   = {The Use of Knowledge in Society},
  journal = {American Economic Review},
  volume  = {35},
  number  = {4},
  pages   = {519--530},
  year    = {1945}
}

@article{arrow1962economic,
  author    = {Arrow, Kenneth J.},
  title     = {Economic Welfare and the Allocation of Resources for Invention},
  journal   = {The Rate and Direction of Inventive Activity},
  pages     = {609--626},
  year      = {1962},
  publisher = {Princeton University Press}
}

@article{nash1951non,
  author  = {Nash, John},
  title   = {Non-Cooperative Games},
  journal = {Annals of Mathematics},
  volume  = {54},
  number  = {2},
  pages   = {286--295},
  year    = {1951}
}

@article{sunstein2006availability,
  author  = {Sunstein, Cass R.},
  title   = {Availability Cascades and Risk Regulation},
  journal = {Stanford Law Review},
  volume  = {55},
  number  = {3},
  pages   = {629--679},
  year    = {2006}
}

@article{mckelvey1995quantal,
  author  = {McKelvey, Richard D. and Palfrey, Thomas R.},
  title   = {Quantal Response Equilibria for Normal Form Games},
  journal = {Games and Economic Behavior},
  volume  = {10},
  number  = {1},
  pages   = {6--38},
  year    = {1995}
}

@book{ostrom1990governing,
  author    = {Ostrom, Elinor},
  title     = {Governing the Commons: The Evolution of Institutions for Collective Action},
  publisher = {Cambridge University Press},
  year      = {1990}
}

@article{zatrochova2024angels,
  author  = {Zatrochová, Sylvia},
  title   = {The Role of Business Angels in Supporting Innovation: Evidence from Start-Up Ecosystems},
  journal = {Venture Capital},
  volume  = {26},
  number  = {1},
  pages   = {19--39},
  year    = {2024}
}

@misc{kc2024,
  title  = {2024 Investment Crowdfunding Trends and Platform Rankings},
  author = {KingsCrowd},
  year   = {2024},
  url    = {https://kingscrowd.com/2024-investment-crowdfunding-trends-stats-and-platform-rankings/},
  note   = {Accessed May 2025}
}

@misc{gii2024,
  title  = {Global Innovation Index 2024},
  author = {{WIPO}},
  year   = {2024},
  url    = {https://www.wipo.int/global_innovation_index/en/},
  note   = {Accessed May 2025}
}

@article{silver2018general,
  title     = {A general reinforcement learning algorithm that masters chess, shogi, and Go through self-play},
  author    = {Silver, David and Schrittwieser, Julian and Simonyan, Karen and Antonoglou, Ioannis and Huang, Aja and Guez, Arthur and Hubert, Thomas and Baker, Lucas and Lai, Matthew and Bolton, Adrian and others},
  journal   = {Science},
  volume    = {362},
  number    = {6419},
  pages     = {1140--1144},
  year      = {2018},
  publisher = {American Association for the Advancement of Science}
}

@article{lange2024angels,
  author  = {Lange, J. and Rezepa, S. and Zatrochová, M.},
  title   = {The Role of Business Angels in the Early-Stage Financing of Startups: A Systematic Literature Review},
  journal = {Administrative Sciences},
  volume  = {14},
  number  = {10},
  pages   = {247},
  year    = {2024},
  doi     = {10.3390/admsci14100247},
  url     = {https://www.mdpi.com/2076-3387/14/10/247}
}

@article{backlund2025vending,
  author  = {Backlund, Axel and Petersson, Lukas},
  title   = {Vending-Bench: A Benchmark for Long-Term Coherence of Autonomous Agents},
  journal = {arXiv},
  year    = {2025},
  eprint  = {2502.15840},
  url     = {https://arxiv.org/abs/2502.15840}
}

@article{farrell2024leveraging,
  author  = {Farrell, Mary and O'Keeffe, Paul and O'Donoghue, Catherine and O'Shea, Roisin},
  title   = {Leveraging Large Language Models for Data Analytics Education: A Scoping Review of Practical Applications},
  journal = {Risks},
  volume  = {12},
  number  = {10},
  pages   = {165},
  year    = {2024},
  doi     = {10.3390/risks12100165},
  url     = {https://www.mdpi.com/2227-9091/12/10/165}
}

@article{jain2024rise,
  author  = {Jain, Anchit},
  title   = {The Rise of Blockchain-Based Prediction Markets},
  journal = {California Management Review},
  year    = {2024},
  url     = {https://cmr.berkeley.edu/2024/09/the-rise-of-blockchain-based-prediction-markets/}
}

@misc{cryptopond2025gg23,
  author = {{Pond}},
  title  = {GG23 Predictive Funding Challenge},
  year   = {2025},
  url    = {https://cryptopond.xyz/modelfactory/detail/5249184},
  note   = {Accessed May 2025}
}

@misc{cryptopond2025quantifying,
  author = {{Pond}},
  title  = {Quantifying Contributions of Open Source Projects to the Ethereum Universe},
  year   = {2025},
  url    = {https://cryptopond.xyz/modelfactory/detail/2564617},
  note   = {Accessed May 2025}
}

@article{berg2020prediction,
  author  = {Berg, Joyce and Nelson, Forrest and Rietz, Thomas A.},
  title   = {Prediction Market Accuracy in the Long Run},
  journal = {International Journal of Forecasting},
  year    = {2020},
  volume  = {36},
  number  = {2},
  pages   = {267--281},
  doi     = {10.1016/j.ijforecast.2019.08.005},
  url     = {https://doi.org/10.1016/j.ijforecast.2019.08.005}
}

@article{wolfers2019price,
  author  = {Wolfers, Justin and Zitzewitz, Eric},
  title   = {What's the Price of a Political Bet? Prediction Markets, Information, and Market Efficiency},
  journal = {Journal of Economic Perspectives},
  year    = {2019},
  volume  = {33},
  number  = {2},
  pages   = {123--146},
  doi     = {10.1257/jep.33.2.123},
  url     = {https://doi.org/10.1257/jep.33.2.123}
}

@inproceedings{Kiayias2017,
  author    = {Kiayias, Aggelos and Russell, Alexander and David, Bernardo and Oliynykov, Roman},
  title     = {Ouroboros: A Provably Secure Proof-of-Stake Blockchain Protocol},
  booktitle = {Advances in Cryptology -- CRYPTO 2017},
  series    = {Lecture Notes in Computer Science},
  volume    = {10401},
  pages     = {357--388},
  year      = {2017},
  publisher = {Springer}
}

@misc{Zargham2019,
  author       = {Zargham, Mohammad},
  title        = {Augmented Bonding Curve: A Framework for Token Economics},
  howpublished = {arXiv preprint arXiv:1905.12345},
  year         = {2019},
  note         = {Preprint}
}

@article{Hanson2000,
  author  = {Hanson, Robin},
  title   = {Shall We Vote on Values, But Bet on Beliefs?},
  journal = {Journal of Political Philosophy},
  volume  = {8},
  number  = {2},
  pages   = {113--137},
  year    = {2000}
}

@inproceedings{Othman2013,
  author    = {Othman, Adel and Wellman, Michael P.},
  title     = {Manipulation in Prediction Markets: A Game Theoretic Analysis},
  booktitle = {Proceedings of the 22nd International Joint Conference on Artificial Intelligence},
  year      = {2013},
  pages     = {116--122}
}

@article{Pennock2011,
  author  = {Pennock, Robert and Sami, Radu},
  title   = {Computational Aspects of Prediction Markets},
  journal = {AI Magazine},
  volume  = {32},
  number  = {1},
  pages   = {42--52},
  year    = {2011}
}

@misc{Buterin2025,
  author       = {Buterin, Vitalik},
  title        = {Decentralized Governance and Proof-of-Stake Mechanisms},
  year         = {2025},
  howpublished = {Blog post, Ethereum Foundation},
  note         = {Accessed: May 2025}
}